<record><leader>00000cas a22000007a 4500</leader><controlfield tag="001">19117419</controlfield><controlfield tag="008">890208c19889999idudn ne      0   a0eng d</controlfield><datafield ind1=" " ind2=" " tag="010"><subfield code="a">sn 88056059 </subfield></datafield><datafield ind1=" " ind2=" " tag="040"><subfield code="a">NVB</subfield><subfield code="b">eng</subfield><subfield code="c">NVB</subfield><subfield code="d">NSD</subfield><subfield code="d">NVB</subfield><subfield code="d">OCLCQ</subfield><subfield code="d">OCLCF</subfield><subfield code="d">OCLCO</subfield></datafield><datafield ind1=" " ind2=" " tag="012"><subfield code="m">1</subfield></datafield><datafield ind1="1" ind2=" " tag="022"><subfield code="a">1044-9353</subfield><subfield code="l">1044-9353</subfield><subfield code="2">1</subfield></datafield><datafield ind1=" " ind2=" " tag="032"><subfield code="a">292180</subfield><subfield code="b">USPS</subfield></datafield><datafield ind1=" " ind2=" " tag="037"><subfield code="b">Shoshone News-Press, 401 Main St., Kellogg, ID 83837-2630</subfield></datafield><datafield ind1=" " ind2=" " tag="042"><subfield code="a">msc</subfield><subfield code="a">nsdp</subfield></datafield><datafield ind1=" " ind2=" " tag="043"><subfield code="a">n-us-id</subfield></datafield><datafield ind1=" " ind2="0" tag="222"><subfield code="a">Shoshone news-press</subfield></datafield><datafield ind1="0" ind2="0" tag="245"><subfield code="a">Shoshone news-press.</subfield></datafield><datafield ind1="1" ind2="7" tag="246"><subfield code="a">Shoshone County news-press</subfield></datafield><datafield ind1=" " ind2=" " tag="260"><subfield code="a">Kellogg, Idaho :</subfield><subfield code="b">Shoshone County News-Press</subfield></datafield><datafield ind1=" " ind2=" " tag="300"><subfield code="a">v.</subfield></datafield><datafield ind1=" " ind2=" " tag="310"><subfield code="a">Daily (except Mon.),</subfield><subfield code="b">June 7, 1989-</subfield></datafield><datafield ind1=" " ind2=" " tag="321"><subfield code="a">Daily (except Sat.),</subfield><subfield code="b">Oct. 2, 1988-June 5, 1989</subfield></datafield><datafield ind1="0" ind2=" " tag="362"><subfield code="a">Vol. 4, no. 104 (Oct. 2, 1988)-</subfield></datafield><datafield ind1=" " ind2=" " tag="500"><subfield code="a">Published by Shoshone News-Press, June 14, 1989-</subfield></datafield><datafield ind1=" " ind2=" " tag="588"><subfield code="a">Latest issue consulted: Vol. 5, no. 36 (June 16, 1989).</subfield></datafield><datafield ind1=" " ind2="0" tag="651"><subfield code="a">Kellogg (Idaho)</subfield><subfield code="v">Newspapers.</subfield></datafield><datafield ind1=" " ind2="7" tag="655"><subfield code="a">Newspapers.</subfield><subfield code="2">fast</subfield><subfield code="0">(OCoLC)fst01423814</subfield></datafield><datafield ind1=" " ind2="7" tag="651"><subfield code="a">Idaho</subfield><subfield code="z">Kellogg.</subfield><subfield code="2">fast</subfield><subfield code="0">(OCoLC)fst01272101</subfield></datafield><datafield ind1=" " ind2=" " tag="752"><subfield code="a">United States</subfield><subfield code="b">Idaho</subfield><subfield code="c">Shoshone</subfield><subfield code="d">Kellogg.</subfield></datafield><datafield ind1="0" ind2="0" tag="780"><subfield code="t">Shoshone County news-press</subfield><subfield code="w">(DLC)sn 88056048</subfield><subfield code="w">(OCoLC)18555553</subfield></datafield></record>